@article{social-media-family,
Author = {ÜNAL, Selime},
ISSN = {21461961},
Journal = {International Journal of Eurasia Social Sciences / Uluslararasi Avrasya Sosyal Bilimler Dergisi},
Keywords = {SOCIAL media, FAMILIES, VIRTUAL reality, ACQUISITION of data, aile iletişimi, facebook, family communication, Healthy communication, Sağlıklı iletişim, sanal iletişim, social media, sosyal medya, virtual communication, aile iletişimi, Sağlıklı iletişim, sanal iletişim, sosyal medya, FACEBOOK (Web resource)},
Number = {31},
Pages = {550 - 578},
Title = {The Effect of Social Media Ise to the Time Spent With Family Members},
Volume = {9},
url = {http://search.ebscohost.com/login.aspx?direct=true&AuthType=ip,sso&db=a9h&AN=129236793&site=ehost-live&scope=site&custid=s8356098},
Year = {2018},
urldate = {2018-02-28}
}